@manual{inmetro2003,
	Author = {INMETRO},
	Title = {Vocabulário internacional de termos fundamentais e gerais de
	metrologia},
	Year = {2013},
	Address = {Rio de Janeiro, Brasil},
	Pages = {75},
	isbn = {85-87090-90-9},
}

@inproceedings{soviero1997,
	Author = {P. A. O. Soviero and L. G. M. Lavagna},
	Title = {A Numerical Model for Thin Airfoils in Unsteady Motion},
	Year = {1997},
	Pages = {332-340},
	Volume = {19},
	Number = {3},
	Booktitle = {Journal of the Brazilian Societyt Mechanical Sciences},	
}

@inproceedings{sparrow1980,
	Author = {E. M. Sparrow},
	Title = {Forced Convection Heat Transfer in a Duct Having Spanwise-Periodic
	Rectangular Protuberances},
	Year = {1980},
	Pages = {149-167},
	Volume = {3},
	Booktitle = {Numerical Heat Transfer},
}

@article{clark1986,
	Author = {J. A. Clark},
	Title = {Private Communication},
	Year = {1986},
	Address = {University of Michigan},
}

@article{arruda2007,
	Author = {M. B. B. Arruda},
	Title = {Como fazer referências: bibliográficas, eletrônicas e demais
	formas de documentos},
	Year = {2007},
	Url = {http://bu.ufsc.br/framerefer.html}
}

@article{coimbra1978,
	Author = {A. L. Coimbra},
	Title = {Lessons of Continuum Mechanics},
	Year = {1978},
	Address = {São Paulo, Brazil},
	Pages = {428},
	Editor = {Edgard Blücher},
}

@article{artigo_tag_unb,
	Author = {Gabriel Teixeira Brasil; Iago de Andrade Sousa; Vitor Guedes da Silva; Wellington Avelino do Amaral; Gustavo Cavalcante Linhares},
	Title = {Design of a Passive UHF RFID Tag for Vital Signs Measurement using UWB Communication},
	Year = {2021},
	Address = {Brasília, Brazil},
}

@article{ artigo_principal,
	Author = {Lyu H.; Wang Z.; Babakhani A.},
	Title = {A UHF/UWB Hybrid RFID Tag With a 51-m Energy-Harvesting Sensitivity for Remote Vital-Sign Monitoring},
	Year = {2020},
	Editor = {IEEE TRANSACTIONS ON MICROWAVE THEORY AND TECHNIQUES},
}

@thesis{ linhares,
	Author = {Gustavo Cavalcante Linhares},
	Title = {Desenvolvimento e Projeto de um Conversor Tensão Frequência de uma Tag UHF Passiva para o Monitoramento de Sinais Vitais},
	Year = {2021},
	Address = {Brasília, Brazil},
}

@inproceedings{bordalo1989,
	Author = {S. N. Bordalo and J. H. Ferziger and S. J. Kline},
	Title = {The Development of Zonal Models for Turbulence},
	Year = {1989},
	Pages = {41-44},
	Booktitle = {Proceedings of the 10th Brazilian Congress of Mechanical
	Engineering}, 
	Volume = {1},	
}

@manual{NBR14724:2011,
	Address = {Rio de Janeiro},
	Date-Added = {2012-12-15 20:34:08 +0000},
	Date-Modified = {2012-12-15 20:35:25 +0000},
	Month = mar,
	Org-Short = {ABNT},
	Organization = {Associa{\c c}\~ao Brasileira de Normas T\'ecnicas},
	Pages = 15,
	Subtitle = {Informa{\c c}\~ao e documenta{\c c}\~ao --- trabalhos acad\^emicos --- apresenta{\c c}\~ao},
	Title = {{NBR} 14724},
	Year = 2011
}


@online{ site_wearebles, 
    author = "Duarte Dias and João Paulo Silva Cunha",
    title = "Wearable Health Devices—Vital Sign Monitoring, Systems and Technologies",
    url  = "https://www.ncbi.nlm.nih.gov/pmc/articles/PMC6111409/",
    addendum = "(accessado: 08/12/2023)",
    year = "2018"
}

@online{ site_top_down, 
    author = "Tiago Reis",
    title = "Top down: o que é e como funciona esse conceito?",
    url  = "https://www.suno.com.br/artigos/top-down/",
    addendum = "(accessado: 08/12/2023)",
    year = "2019"
}

@manual{NBR6034:2000,
	Address = {Rio de Janeiro},
	Org-Short = {ABNT},
	Organization = {Associa{\c c}\~ao Brasileira de Normas T\'ecnicas},
	Subtitle = {Informa{\c c}\~ao e documenta{\c c}\~ao --- Referências},
	Title = {{NBR} 14724},
	Year = "2000"
}

@book{Sommerville2007,
author = {Sommerville, Ian},
title = {Software Engineering},
year = {2007},
isbn = {978-0-321-31379-9, 0-321-31379-8},
edition = {9th},
publisher = {Addison-Wesley Publishing Company},
address = {USA},
}

@book{livroprincipal,
author = {Cristina Azcona Murillo, Belén Calvo Lopez, Santiago Celma Pueyo},
title = {Voltage-to-Frequency Converters CMOS Design and Implementation},
year = {2013},
isbn = {978-1-4614-6236-1},
edition = {ACSP · Analog Circuits And Signal Processing},
publisher = {Springer},
address = {New York },
}

@book{cmos_digital,
author = {R. Jacob Baker},
title = {CMOS Circuit Design, Layout, and Simulation},
year = {2010},
isbn = {978-0-470-88132-3},
edition = {3th},
publisher = {IEEE Press Editorial Board},
address = {USA},
}

@book{cmos_analog,
author = {Behzad Razavi},
title = {Design of Analog CMOS Integrated Circuits},
year = {2017},
isbn = {978-0-07-252493-2},
edition = {2th},
publisher = {McGraw-Hill Education},
address = {New York},
}

